

@article{chen2021taylor,
  title={Taylor approximation for chance constrained optimization problems governed by partial differential equations with high-dimensional random parameters},
  author={Chen, Peng and Ghattas, Omar},
  journal={SIAM/ASA Journal on Uncertainty Quantification},
  volume={9},
  number={4},
  pages={1381--1410},
  year={2021},
  publisher={SIAM}
}

@article{tan2024scalable,
  title={A scalable framework for multi-objective PDE-constrained design of building insulation under uncertainty},
  author={Tan, Jingye and Faghihi, Danial},
  journal={Computer Methods in Applied Mechanics and Engineering},
  volume={419},
  pages={116628},
  year={2024},
  publisher={Elsevier}
}

@article{tan2022predictive,
  title={A predictive multiphase model of silica aerogels for building envelope insulations},
  author={Tan, Jingye and Maleki, Pedram and An, Lu and Di Luigi, Massimigliano and Villa, Umberto and Zhou, Chi and Ren, Shenqiang and Faghihi, Danial},
  journal={Computational Mechanics},
  volume={69},
  number={6},
  pages={1457--1479},
  year={2022},
  publisher={Springer}
}


@article{liang2023bayesian,
  title={Bayesian inference of tissue heterogeneity for individualized prediction of glioma growth},
  author={Liang, Baoshan and Tan, Jingye and Lozenski, Luke and Hormuth, David A and Yankeelov, Thomas E and Villa, Umberto and Faghihi, Danial},
  journal={IEEE Transactions on Medical Imaging},
  volume={42},
  number={10},
  pages={2865--2875},
  year={2023},
  publisher={IEEE}
}


@article{tan2022toward,
  title={Toward selecting optimal predictive multiscale models},
  author={Tan, Jingye and Liang, Baoshan and Singh, Pratyush Kumar and Farrell-Maupin, Kathryn A and Faghihi, Danial},
  journal={Computer Methods in Applied Mechanics and Engineering},
  volume={402},
  pages={115517},
  year={2022},
  publisher={Elsevier}
}


@article{lima2021bayesian,
  title={Bayesian calibration of a stochastic, multiscale agent-based model for predicting in vitro tumor growth},
  author={Lima, Ernesto ABF and Faghihi, Danial and Philley, Russell and Yang, Jianchen and Virostko, John and Phillips, Caleb M and Yankeelov, Thomas E},
  journal={PLoS Computational Biology},
  volume={17},
  number={11},
  pages={e1008845},
  year={2021},
  publisher={Public Library of Science San Francisco, CA USA}
}


@article{tan2021predictive,
  title={A predictive discrete-continuum multiscale model of plasticity with quantified uncertainty},
  author={Tan, Jingye and Villa, Umberto and Shamsaei, Nima and Shao, Shuai and Zbib, Hussein M and Faghihi, Danial},
  journal={International Journal of Plasticity},
  volume={138},
  pages={102935},
  year={2021},
  publisher={Elsevier}
}


@article{an2021wearable,
  title={Wearable aramid--ceramic aerogel composite for harsh environment},
  author={An, Lu and Liang, Baoshan and Guo, Zipeng and Wang, Jieyu and Li, Changning and Huang, Yulong and Hu, Yong and Li, Zheng and Armstrong, Jason N and Zhou, Chi and others},
  journal={Advanced Engineering Materials},
  volume={23},
  number={3},
  pages={2001169},
  year={2021},
  publisher={Wiley Online Library}
}

@article{chen2019taylor,
  title={Taylor approximation and variance reduction for PDE-constrained optimal control under uncertainty},
  author={Chen, Peng and Villa, Umberto and Ghattas, Omar},
  journal={Journal of Computational Physics},
  volume={385},
  pages={163--186},
  year={2019},
  publisher={Elsevier}
}

@article{chen2013weighted,
  title={A weighted reduced basis method for elliptic partial differential equations with random input data},
  author={Chen, Peng and Quarteroni, Alfio and Rozza, Gianluigi},
  journal={SIAM Journal on Numerical Analysis},
  volume={51},
  number={6},
  pages={3163--3185},
  year={2013},
  publisher={SIAM}
}

@article{lindgren2011explicit,
  title={An explicit link between Gaussian fields and Gaussian Markov random fields: the stochastic partial differential equation approach},
  author={Lindgren, Finn and Rue, H{\aa}vard and Lindstr{\"o}m, Johan},
  journal={Journal of the Royal Statistical Society Series B: Statistical Methodology},
  volume={73},
  number={4},
  pages={423--498},
  year={2011},
  publisher={Oxford University Press}
}

@article{nocedal2006quadratic,
  title={Quadratic programming},
  author={Nocedal, Jorge and Wright, Stephen J},
  journal={Numerical optimization},
  pages={448--492},
  year={2006},
  publisher={Springer}
}

@article{Saibaba,
author = {Saibaba, Arvind K. and Lee, Jonghyun and Kitanidis, Peter K.},
title = {Randomized algorithms for generalized Hermitian eigenvalue problems with application to computing Karhunen–Loève expansion},
journal = {Numerical Linear Algebra with Applications},
volume = {23},
number = {2},
pages = {314-339},
keywords = {randomized algorithms, generalized Hermitian eigenvalue problems, Karhunen–Loève expansion},
year = {2016}
}


@article{fenics,
  title = {The {FEniCS} Project Version 1.5},
  author = {Martin S. Aln{\ae}s and Jan Blechta and Johan Hake and August Johansson and Benjamin Kehlet and Anders Logg and Chris Richardson and Johannes Ring and Marie E. Rognes and Garth N. Wells},
  year = {2015},
  journal = {Archive of Numerical Software},
  volume = {3},
  number = {100},
  doi = {10.11588/ans.2015.100.20553},
  page = {9-23},
}


@article{VillaPetraGhattas21,
    author = {Villa, Umberto and Petra, Noemi and Ghattas, Omar},
    title = "{HIPPYlib: An Extensible Software Framework for Large-Scale Inverse Problems Governed by PDEs: Part I: Deterministic Inversion and Linearized Bayesian Inference}",
    year = {2021},
    issue_date = {March 2021},
    publisher = {Association for Computing Machinery},
    address = {New York, NY, USA},
    volume = {47},
    number = {2},
    issn = {0098-3500},
    url = {https://doi.org/10.1145/3428447},
    doi = {10.1145/3428447},
    journal = {ACM Trans. Math. Softw.},
    month = apr,
    articleno = {16},
    numpages = {34}
    }

@article{VillaPetraGhattas18,
title = "{hIPPYlib: an Extensible Software Framework for Large-scale Deterministic and Bayesian Inverse Problems}",
author = {Villa, U. and Petra, N. and Ghattas, O.},
journal = {Journal of Open Source Software},
volume = {3},
number = {30},
page = {940},
doi  = {10.21105/joss.00940},
year = {2018}
}

@article{VillaPetraGhattas16,
title = "{hIPPYlib: an Extensible Software Framework for Large-scale Deterministic and Bayesian Inverse Problems}",
author = {Villa, U. and Petra, N. and Ghattas, O.},
year = {2016},
url = {http://hippylib.github.io},
doi = {10.5281/zenodo.596931}
}


@misc{peng2022soupy,
  author = {Peng Chen},
  title = {Stochastic Optimization under high-dimensional Uncertainty in Python},
  year = {2022},
  publisher = {GitHub},
  journal = {GitHub repository},
  howpublished = {\url{https://github.com/cpempire/soupy.git}}
}

@article{le2010stress,
  title={Stress-based topology optimization for continua},
  author={Le, Chau and Norato, Julian and Bruns, Tyler and Ha, Christopher and Tortorelli, Daniel},
  journal={Structural and Multidisciplinary Optimization},
  volume={41},
  pages={605--620},
  year={2010},
  publisher={Springer}
}
