@book{astm2012standard,
  title={Standard terminology for additive manufacturing technologies},
  author={ASTM Committee F42 on Additive Manufacturing Technologies and ASTM Committee F42 on Additive Manufacturing Technologies. Subcommittee F42. 91 on Terminology},
  year={2012},
  publisher={ASTM International}
}

@article{shamsaei1,
  title={An overview of Direct Laser Deposition for additive manufacturing; Part I: Transport phenomena, modeling and diagnostics},
  author={Thompson, Scott M and Bian, Linkan and Shamsaei, Nima and Yadollahi, Aref},
  journal={Additive Manufacturing},
  volume={8},
  pages={36--62},
  year={2015},
  publisher={Elsevier}
}

@article{shamsaei2,
  title={An overview of Direct Laser Deposition for additive manufacturing; Part II: Mechanical behavior, process parameter optimization and control},
  author={Shamsaei, Nima and Yadollahi, Aref and Bian, Linkan and Thompson, Scott M},
  journal={Additive Manufacturing},
  volume={8},
  pages={12--35},
  year={2015},
  publisher={Elsevier}
}

%=================================================================================================
@article{cladding1,
  title={Component repair using laser direct metal deposition},
  author={Pinkerton, AJ and Wang, W and Li, L},
  journal={Proceedings of the Institution of Mechanical Engineers, Part B: Journal of Engineering Manufacture},
  volume={222},
  number={7},
  pages={827--836},
  year={2008},
  publisher={Sage Publications Sage UK: London, England}
}
@article{cladding2,
  title={Laser Engineered Net Shaping{\textregistered} for Repair and Hydrogen Compatibility},
  author={Korinko, PS and Adams, TM and Malene, SH and Gill, D and Smugeresky, J},
  journal={Welding Journal},
  volume={90},
  number={9},
  year={2011}
}
@article{cladding3,
  title={Process optimization of Ti--Nb alloy coatings on a Ti--6Al--4V plate using a fiber laser and blended elemental powders},
  author={Fallah, Vahid and Corbin, Stephen F and Khajepour, Amir},
  journal={Journal of materials processing technology},
  volume={210},
  number={14},
  pages={2081--2087},
  year={2010},
  publisher={Elsevier}
}
%=================================================================================================

@article{mixing1,
  title={Combining wire and coaxial powder feeding in laser direct metal deposition for rapid prototyping},
  author={Syed, Waheed Ul Haq and Pinkerton, Andrew J and Li, Lin},
  journal={Applied surface science},
  volume={252},
  number={13},
  pages={4803--4808},
  year={2006},
  publisher={Elsevier}
}
@article{mixing2,
  title={Compositionally graded Ti6Al4V+ TiC made by direct laser fabrication using powder and wire},
  author={Wang, F and Mei, J and Wu, Xinhua},
  journal={Materials \& design},
  volume={28},
  number={7},
  pages={2040--2046},
  year={2007},
  publisher={Elsevier}
}
%=================================================================================================

@article{kahlen2001tensile,
  title={Tensile strengths for laser-fabricated parts and similarity parameters for rapid manufacturing},
  author={Kahlen, Franz-Josef and Kar, Aravinda},
  journal={Journal of manufacturing science and engineering},
  volume={123},
  number={1},
  pages={38--44},
  year={2001},
  publisher={American Society of Mechanical Engineers Digital Collection}
}

@article{han2005thermal,
  title={Thermal behavior and geometry model of melt pool in laser material process},
  author={Han, Lijun and Liou, Frank W and Musti, Srinivas},
  journal={Journal of Heat Transfer},
  volume={127},
  number={9},
  pages={1005--1014},
  year={2005},
  publisher={American Society of Mechanical Engineers}
}

@article{neela2009three,
  title={Three-dimensional heat transfer analysis of LENS TM process using finite element method},
  author={Neela, V and De, A},
  journal={The International Journal of Advanced Manufacturing Technology},
  volume={45},
  number={9-10},
  pages={935},
  year={2009},
  publisher={Springer}
}

@article{rosenthal1946theory,
  title={The theory of moving sources of heat and its application of metal treatments},
  author={Rosenthal, Daniel},
  journal={Transactions of ASME},
  volume={68},
  pages={849--866},
  year={1946}
}


@article{astm2009,
  title={ASTM E6-09be1 Standard terminology relating to methods of mechanical testing},
  journal={A.S.T.M. Standard},
  year={2009}
}

@article{dai2002distortion,
  title={Distortion minimization of laser-processed components through control of laser scanning patterns},
  author={Dai, K and Shaw, L},
  journal={Rapid Prototyping Journal},
  volume={8},
  number={5},
  pages={270--276},
  year={2002},
  publisher={MCB UP Ltd}
}

@article{beuth2001role,
  title={The role of process variables in laser-based direct metal solid freeform fabrication},
  author={Beuth, Jack and Klingbeil, Nathan},
  journal={Jom},
  volume={53},
  number={9},
  pages={36--39},
  year={2001},
  publisher={Springer}
}

@article{zheng2008thermal,
  title={Thermal behavior and microstructural evolution during laser deposition with laser-engineered net shaping: Part I. Numerical calculations},
  author={Zheng, B and Zhou, Y and Smugeresky, JE and Schoenung, JM and Lavernia, EJ},
  journal={Metallurgical and materials transactions A},
  volume={39},
  number={9},
  pages={2228--2236},
  year={2008},
  publisher={Springer}
}

@article{kurz2001columnar,
  title={Columnar to equiaxed transition in solidification processing},
  author={Kurz, Wilfried and Bezencon, C and G{\"a}umann, M},
  journal={Science and technology of advanced materials},
  volume={2},
  number={1},
  pages={185},
  year={2001},
  publisher={IOP Publishing}
}

@article{li2018numerical,
  title={Numerical investigation of effects of nucleation mechanisms on grain structure in metal additive manufacturing},
  author={Li, Xuxiao and Tan, Wenda},
  journal={Computational Materials Science},
  volume={153},
  pages={159--169},
  year={2018},
  publisher={Elsevier}
}


@inproceedings{Prudencio2012,
  author = {Prudencio, Ernesto E and Schulz, Karl W},
  booktitle = {Euro-Par 2011: Parallel Processing Workshops},
  pages = {398--407},
  publisher = {Springer},
  title = {{The parallel C++ statistical library 'QUESO': Quantification of
    Uncertainty for Estimation, Simulation and Optimization}},
  url = \url{http://dx.doi.org/10.1007/978-3-642-29737-3\_44},
  year = {2012}
}